<collection xmlns="http://www.loc.gov/MARC21/slim">
<record>
  <leader>01136nam0a22002291i 450 </leader>
  <controlfield tag="001">IT\ICCU\CNCE\071126</controlfield>
  <controlfield tag="005">20080407000000.0</controlfield>
  <datafield tag="012" ind1=" " ind2=" ">
    <subfield code="a">noce iaia tere tere (C) 1555 (R)</subfield>
    <subfield code="2">fei</subfield>
  </datafield>
  <datafield tag="100" ind1=" " ind2=" ">
    <subfield code="a">20070618d1555        0itac0103    ba</subfield>
  </datafield>
  <datafield tag="101" ind1=" " ind2=" ">
    <subfield code="a">ITA</subfield>
  </datafield>
  <datafield tag="102" ind1=" " ind2=" ">
    <subfield code="a">IT</subfield>
  </datafield>
  <datafield tag="200" ind1="1" ind2=" ">
    <subfield code="a">℗La ℗rapresentatione di santo Antonio abate. Il quale conuerti una sua sorella, e fecela monaca nel munistero delle Murate di Firenze. E come non uolendo tre ladroni accettare el suo consiglio s&apos;ammazzorno lun laltro e furno portati a casa Satanasso. Et egli fu terribilmente bastonato da i diauoli. Nuouamente ristampata</subfield>
  </datafield>
  <datafield tag="210" ind1=" " ind2=" ">
    <subfield code="e">In Firenze</subfield>
    <subfield code="h">1555</subfield>
  </datafield>
  <datafield tag="215" ind1=" " ind2=" ">
    <subfield code="a">\8! c.</subfield>
    <subfield code="c">ill.</subfield>
    <subfield code="d">4ʻ</subfield>
  </datafield>
  <datafield tag="620" ind1=" " ind2=" ">
    <subfield code="a">IT</subfield>
    <subfield code="d">Firenze</subfield>
  </datafield>
  <datafield tag="700" ind1=" " ind2="1">
    <subfield code="a">Pulci,</subfield>
    <subfield code="b">Antonia</subfield>
    <subfield code="3">IT\ICCU\CNCA\008949</subfield>
  </datafield>
  <datafield tag="712" ind1="0" ind2="0">
    <subfield code="a">Giunta, Bernardo</subfield>
    <subfield code="c"> &lt;1.&gt; - eredi</subfield>
    <subfield code="3">IT\ICCU\CNCT\000170</subfield>
    <subfield code="4">650</subfield>
  </datafield>
  <datafield tag="790" ind1=" " ind2="1">
    <subfield code="a">Tanini Pulci,</subfield>
    <subfield code="b">Antonia</subfield>
    <subfield code="3">IT\ICCU\CNCA\025781</subfield>
    <subfield code="z">Pulci, Antonia</subfield>
  </datafield>
  <datafield tag="790" ind1=" " ind2="1">
    <subfield code="a">Pulci,</subfield>
    <subfield code="b">Antonia Giannotti</subfield>
    <subfield code="3">IT\ICCU\CNCA\025782</subfield>
    <subfield code="z">Pulci, Antonia</subfield>
  </datafield>
  <datafield tag="791" ind1="0" ind2="2">
    <subfield code="a">Bibliotheca Iunctia</subfield>
    <subfield code="3">IT\ICCU\CNCT\006345</subfield>
    <subfield code="z">Giunta, Bernardo &lt;1.&gt; - eredi</subfield>
  </datafield>
  <datafield tag="801" ind1=" " ind2="3">
    <subfield code="a">IT</subfield>
    <subfield code="b">ICCU</subfield>
    <subfield code="c">20201115</subfield>
  </datafield>
  <datafield tag="899" ind1=" " ind2=" ">
    <subfield code="a">Biblioteca Riccardiana. Firenze</subfield>
    <subfield code="1">FI0094</subfield>
    <subfield code="2">CFI RF</subfield>
  </datafield>
</record>
</collection>
